@article{Elhatisari:2015iga,
      author         = "Elhatisari, Serdar and Lee, Dean and Rupak, Gautam and
                        Epelbaum, Evgeny and Krebs, Hermann and L{\"a}hde, Timo A.
                        and Luu, Thomas and Mei{\ss}ner, Ulf-G.",
      title          = "{Ab initio alpha-alpha scattering}",
      journal        = "Nature",
      volume         = "528",
      year           = "2015",
      pages          = "111",
      doi            = "10.1038/nature16067",
      eprint         = "1506.03513",
      archivePrefix  = "arXiv",
      primaryClass   = "nucl-th",
      SLACcitation   = "%%CITATION = ARXIV:1506.03513;%%"
}

@unpublished{Farhi:2000a,
       author = {{Farhi}, Edward and {Goldstone}, Jeffrey and {Gutmann}, Sam and
        {Sipser}, Michael},
        title = {Quantum Computation by Adiabatic Evolution},
      note = {quant-ph/0001106},
     keywords = {Quantum Physics},
         year = 2000,
        month = Jan,
%          eid = {quant-ph/0001106},
%        pages = {quant-ph/0001106},
%archivePrefix = {arXiv},
%       eprint = {quant-ph/0001106},
% primaryClass = {quant-ph},
%       adsurl = {https://ui.adsabs.harvard.edu/#abs/2000quant.ph..1106F},
%      adsnote = {Provided by the SAO/NASA Astrophysics Data System}
}

@article{Kandala:2019,
      author         = "Kandala, Abhinav and Temme, Kristan and C{\'o}rcoles, Antonio and Mezzacapo, Antonio and Chow, Jerry and Gambetta, Jay",
      title          = "{Error mitigation extends the computational reach of a noisy quantum processor}",
      journal        = "Nature",
      volume         = "567",
      year           = "2019",
      pages          = "491-495"
}

@article{Frame:2017fah,
      author         = "Frame, Dillon and He, Rongzheng and Ipsen, Ilse and Lee,
                        Daniel and Lee, Dean and Rrapaj, Ermal",
      title          = "{Eigenvector continuation with subspace learning}",
      journal        = "Phys. Rev. Lett.",
      volume         = "121",
      year           = "2018",
      number         = "3",
      pages          = "032501",
      doi            = "10.1103/PhysRevLett.121.032501",
      eprint         = "1711.07090",
      archivePrefix  = "arXiv",
      primaryClass   = "nucl-th",
      SLACcitation   = "%%CITATION = ARXIV:1711.07090;%%"
}

@ARTICLE{Abrams:1999,
       author = {{Abrams}, Daniel S. and {Lloyd}, Seth},
        title = "{Quantum Algorithm Providing Exponential Speed Increase for Finding Eigenvalues and Eigenvectors}",
      journal = {\prl},
     keywords = {Quantum Physics},
         year = "1999",
        month = "Dec",
       volume = {83},
       number = {24},
        pages = {5162-5165},
          doi = {10.1103/PhysRevLett.83.5162},
archivePrefix = {arXiv},
       eprint = {quant-ph/9807070},
 primaryClass = {quant-ph},
       adsurl = {https://ui.adsabs.harvard.edu/abs/1999PhRvL..83.5162A},
      adsnote = {Provided by the SAO/NASA Astrophysics Data System}
}

@article{Lee:2019gtc,
      author         = "Lee, Dean and Watkins, Jacob and Frame, Dillon and Given,
                        Gabriel and He, Rongzheng and Li, Ning and Lu, Bing-Nan
                        and Sarkar, Avik",
      title          = "{Time fractals and discrete scale invariance with trapped
                        ions}",
      year           = "2019",
      eprint         = "1901.01661",
      archivePrefix  = "arXiv",
      primaryClass   = "cond-mat.quant-gas",
      SLACcitation   = "%%CITATION = ARXIV:1901.01661;%%"
}

@article{Zhang:2017a,
	Author = {Zhang, J. and Hess, P. W. and Kyprianidis, A. and Becker, P. and Lee, A. and Smith, J. and Pagano, G. and Potirniche, I. -D. and Potter, A. C. and Vishwanath, A. and Yao, N. Y. and Monroe, C.},
	Date = {2017/03/08/online},
	Date-Added = {2018-05-07 15:54:40 +0000},
	Date-Modified = {2018-05-07 15:54:40 +0000},
	Day = {08},
	Journal = {Nature},
	L3 = {10.1038/nature21413; },
	Month = {03},
	Pages = {217-220},
	Publisher = {Macmillan Publishers Limited, part of Springer Nature. All rights reserved. SN  -},
	Title = {Observation of a discrete time crystal},
	Ty = {JOUR},
	Url = {http://dx.doi.org/10.1038/nature21413},
	Volume = {543},
	Year = {2017},
	Bdsk-Url-1 = {http://dx.doi.org/10.1038/nature21413}}

@article {Islam:2013a,
	author = {Islam, R. and Senko, C. and Campbell, W. C. and Korenblit, S. and Smith, J. and Lee, A. and Edwards, E. E. and Wang, C.-C. J. and Freericks, J. K. and Monroe, C.},
	title = {Emergence and Frustration of Magnetism with Variable-Range Interactions in a Quantum Simulator},
	volume = {340},
	number = {6132},
	pages = {583--587},
	year = {2013},
	doi = {10.1126/science.1232296},
	publisher = {American Association for the Advancement of Science},
	issn = {0036-8075},
	URL = {http://science.sciencemag.org/content/340/6132/583},
	eprint = {http://science.sciencemag.org/content/340/6132/583.full.pdf},
	journal = {Science}
}

@article{Zhang:2017b,
	Author = {Zhang, J. and Pagano, G. and Hess, P. W. and Kyprianidis, A. and Becker, P. and Kaplan, H. and Gorshkov, A. V. and Gong, Z. -X. and Monroe, C.},
	Date = {2017/11/29/online},
	Date-Added = {2018-05-07 18:31:29 +0000},
	Date-Modified = {2018-05-07 18:31:29 +0000},
	Day = {29},
	Journal = {Nature},
	L3 = {10.1038/nature24654; },
	Month = {11},
	Pages = {601-604},
	Publisher = {Macmillan Publishers Limited, part of Springer Nature. All rights reserved. SN  -},
	Title = {Observation of a many-body dynamical phase transition with a 53-qubit quantum simulator},
	Ty = {JOUR},
	Url = {http://dx.doi.org/10.1038/nature24654},
	Volume = {551},
	Year = {2017},
	Bdsk-Url-1 = {http://dx.doi.org/10.1038/nature24654}}


@ARTICLE{Farhi:2014,
       author = {{Farhi}, Edward and {Goldstone}, Jeffrey and {Gutmann}, Sam},
        title = "{A Quantum Approximate Optimization Algorithm}",
      journal = {arXiv e-prints},
     keywords = {Quantum Physics},
         year = "2014",
        month = "Nov",
          eid = {arXiv:1411.4028},
        pages = {arXiv:1411.4028},
archivePrefix = {arXiv},
       eprint = {1411.4028},
 primaryClass = {quant-ph},
       adsurl = {https://ui.adsabs.harvard.edu/abs/2014arXiv1411.4028F},
      adsnote = {Provided by the SAO/NASA Astrophysics Data System}
}